51803
28410
68446
30040
68246
72743
48113
17544
62667
17240
49318
61204
18787
47891
83547
26254
39995
78128
48398
96197
26271
32803
14547
85879
19445
200
74739
99481
19415
3805
58988
76314
76150
9005
53635
24484
2615
55170
22016
21717
99804
47128
51335
64055
35339
26292
86178
42989
99585
60878
40122
10438
34467
79681
55475
45278
70366
4470
40831
36283
97502
60897
56586
6670
13472
27088
65104
69458
42944
38731
30649
10876
95756
21608
55838
47247
61418
19256
26022
49466
46490
38026
84772
8887
60797
86493
37139
75834
7756
59457
68018
41747
24431
96862
2794
60233
99843
1540
93953
12037
99962
11276
8874
53846
59067
16724
82126
50252
65485
76641
57813
25430
99553
34060
36988
49387
18137
18627
55766
31026
49679
25505
57928
60942
23246
90555
4108
43632
4358
48599
77096
11756
91412
5331
99065
26116
23984
89710
99034
14554
14307
54549
83541
23402
9843
39663
5957
28990
30332
86573
78100
76302
65816
30950
60602
2188
83113
27037
97958
32452
8893
75550
33002
49055
41662
821
4733
50294
59886
72124
44508
25305
98906
63036
8197
64483
35182
93576
84394
64173
14783
63671
84267
34355
89270
18282
64456
74631
81433
6920
912
34101
25703
82668
57568
9181
99723
86154
42974
45385
66134
81501
37614
67704
72893
65159
90822
94824
53089
46756
284
75446
72576
44064
56273
49939
93082
78134
60320
65489
35742
4879
5702
33617
85686
72973
20918
68707
29225
69578
62016
78238
9605
39591
92519
13166
76473
39272
21943
83570
19180
47264
45569
61731
88458
59806
26578
89206
33650
50164
75404
81466
47067
26053
66580
69075
99603
66667
45119
94909
74828
1348
63116
58410
68924
69853
81255
14403
78166
89611
47716
43638
516
74480
46325
70740
82797
25478
8034
29574
31345
503
58958
71870
86938
21327
34572
31858
19636
22658
4009
79459
30009
50824
80724
91251
10697
88685
78036
12127
17608
35157
63809
2446
11355
43550
29468
66051
92165
62618
86470
47337
78451
77960
39256
56438
16720
10866
24998
30146
58919
18668
45831
67730
6585
79074
57508
8421
36443
82484
58876
92186
11184
77016
70497
428
5347
77810
15439
89823
10400
96792
30623
69473
3963
8117
25992
34887
28996
17014
